%% This BibTeX bibliography file was created using BibDesk.
%% http://bibdesk.sourceforge.net/

%% Created for Harvey Coplestone at 2019-03-17 16:11:49 +0000 


%% Saved with string encoding Unicode (UTF-8) 



@article{dla,
	Author = {A. Jr Witten, T and Sander, Leonard},
	Date-Added = {2019-03-17 16:09:29 +0000},
	Date-Modified = {2019-03-17 16:09:41 +0000},
	Doi = {10.1103/PhysRevLett.47.1400},
	Journal = {prl},
	Month = {11},
	Pages = {1400-},
	Title = {Diffusion-Limited Aggregation, a Kinetic Critical Phenomenon},
	Volume = {47},
	Year = {1981},
	Bdsk-Url-1 = {http://dx.doi.org/10.1103/PhysRevLett.47.1400}}
